@online{html,
    title="What is HTML?",
    url="https://www.w3schools.com/whatis/whatis_html.asp",
    keywords = "html"
}

@online{css,
    title="What is CSS?",
    url="https://www.w3schools.com/whatis/whatis_css.asp",
    keywords = "css"
}

@online{js,
    title="What is JavaScript?",
    url="https://www.w3schools.com/whatis/whatis_js.asp",
    keywords = "js"
}

@online{mpa,
    author="Goldy Benedict Macquin",
    title="Single Page Applications vs Multiple Page Applications â€” Do You Really Need an SPA?",
    url="https://medium.com/@goldybenedict/single-page-applications-vs-multiple-page-applications-do-you-really-need-an-spa-cf60825232a3",
    keywords = "mpa"
}

@online{jwt,
    title="Introduction to JSON Web Tokens",
    url="https://jwt.io/introduction/",
    keywords = "jwt"
}

@online{js2,
    author="Kevin Schroeder and Ken Sugiura",
    title="What Is JavaScript Used for in Front-end Web Development?",
    url="https://www.hilemangroup.com/Thought-Leadership/Hilelights-Blog/JavaScript-and-Front-end-Development",
    keywords = "js2"
}

@online{spring,
    title="1. Introduction to Spring Framework",
    url="https://docs.spring.io/spring/docs/3.0.x/spring-framework-reference/html/overview.html",
    keywords = "spring"
}

@online{springboot,
    title="Spring Boot - Introduction",
    url="https://www.tutorialspoint.com/spring_boot/spring_boot_introduction.htm",
    keywords = "springboot"
}

@online{jwtdecode,
    author="auth0",
    url="https://github.com/auth0/jwt-decode",
    keywords = "jwtdecode"
}

@online{codec,
    url="https://github.com/apache/commons-codec",
    keywords = "codec"
}